 @article{Pianini_2013, title={Chemical-oriented simulation of computational systems with ALCHEMIST}, 
 volume={7}, ISSN={1747-7786}, url={http://dx.doi.org/10.1057/jos.2012.27}, 
 DOI={10.1057/jos.2012.27}, number={3}, journal={Journal of Simulation},
  publisher={Informa UK Limited}, author={Pianini, D and Montagna, S and Viroli, M}, 
  year={2013}, month=aug, pages={202â€“215} 
  }

  @article{gillespie1977exact,
  title={Exact stochastic simulation of coupled chemical reactions},
  author={Gillespie, DT},
  journal={The Journal of Physical Chemistry},
  volume={81},
  number={25},
  pages={2340--2361},
  year={1977},
}

@article{gibson2000efficient,
  title={Efficient exact stochastic simulation of chemical systems with many species and many channels},
  author={Gibson, MA and Bruck, J},
  journal={Journal of Physical Chemistry A},
  volume={104},
  number={9},
  pages={1876--1889},
  year={2000},
}

@misc{wilensky1997netlogo,
  title={NetLogo Slime model},
  author={Wilensky, Uri},
  year={1997},
  howpublished={\url{http://ccl.northwestern.edu/netlogo/models/Slime}},
  organization={Center for Connected Learning and Computer-Based Modeling, Northwestern University, Evanston, IL}
}

@misc{wilensky1999netlogo,
  title={NetLogo},
  author={Wilensky, Uri},
  year={1999},
  howpublished={\url{http://ccl.northwestern.edu/netlogo/}},
  organization={Center for Connected Learning and Computer-Based Modeling, Northwestern University, Evanston, IL}
}
